@inproceedings{STMBase,
 author = {Harris, Tim and Marlow, Simon and Peyton-Jones, Simon and Herlihy, Maurice},
 title = {Composable Memory Transactions},
 booktitle = {Proceedings of the Tenth ACM SIGPLAN Symposium on Principles and Practice of Parallel Programming},
 series = {PPoPP '05},
 year = {2005},
 isbn = {1-59593-080-9},
 location = {Chicago, IL, USA},
 pages = {48--60},
 numpages = {13},
 url = {http://doi.acm.org/10.1145/1065944.1065952},
 doi = {10.1145/1065944.1065952},
 acmid = {1065952},
 publisher = {ACM},
 address = {New York, NY, USA},
 keywords = {locks, non-blocking algorithms, transactions},
}

@book{DBTrans,
  title={Transaction processing: concepts and techniques},
  author={Gray, Jim and Reuter, Andreas},
  year={1992},
  publisher={Elsevier}
}

@article{semaphore,
  title={Cooperating Sequential Processes, Technical Report EWD-123},
  author={Dijkstra, Edsger Wybe},
  year={1965}
}

@book{transBook,
  title={Transactional memory},
  author={Larus, James R and Rajwar, Ravi},
  journal={Synthesis Lectures on Computer Architecture},
  volume={1},
  number={1},
  year={2007},
  publisher={Morgan \& Claypool Publishers}
}

@techreport{lockfreedom,
  title={Practical lock-freedom},
  author={Fraser, Keir},
  year={2004},
  institution={University of Cambridge, Computer Laboratory}
}

@article{pessimisticSTM,
  title={Optimizing memory transactions},
  author={Harris, Tim and Plesko, Mark and Shinnar, Avraham and Tarditi, David},
  journal={ACM SIGPLAN Notices},
  volume={41},
  number={6},
  pages={14--25},
  year={2006},
  publisher={ACM}
}

@inproceedings{STMHigh,
  title={A high-level implementation of composable memory transactions in concurrent haskell},
  author={Huch, Frank and Kupke, Frank},
  booktitle={Proceedings of the 17th international conference on Implementation and Application of Functional Languages},
  pages={124--141},
  year={2005}
}

@inproceedings{invariants,
  title={Transactional memory with data invariants},
  author={Harris, Tim and Jones, Simon Peyton},
  booktitle={First ACM SIGPLAN Workshop on Languages, Compilers, and Hardware Support for Transactional Computing (TRANSACTâ€™06), Ottowa},
  volume={92},
  year={2006}
}

@misc{checkpoint,
  title={Automatic checkpointing and partial rollback in software transaction memory},
  author={Agarwal, Shivali and Gupta, Monika and Kallikote, Shyamasundar Rudrapatna},
  year={2009},
  publisher={Google Patents}
}
