@inproceedings{kuper2013lvars,
  title={LVars: lattice-based data structures for deterministic parallelism},
  author={Kuper, Lindsey and Newton, Ryan R},
  booktitle={Proceedings of the 2nd ACM SIGPLAN workshop on Functional high-performance computing},
  pages={71--84},
  year={2013},
  organization={ACM}
},
@book{larus2007transactional,
  title={Transactional Memory},
  author={Larus, James R and Rajwar, Ravi},
  year={2007},
  publisher={Morgan \& Claypool Publishers}
}
